=LDR  02250cam a2200517 c 4500
=001  990702982114702202
=005  20230828134543.0
=007  cr||||||||||||
=007  ta
=008  150914s2007\\\\no\|||||\|||||000|f|nob|\
=020  \\$a978-82-02-27310-1$qib.$qCappelens bokklubb
=020  \\$a978-82-03-19212-8$qib.$cNkr 379.00$qAschehoug
=020  \\$a978-82-525-6580-5$qib.$qBokklubben
=080  \\$a839.6
=082  04$a839.82s$221
=082  74$a839.823$qNO-OsNB$25/nor
=083  0\$a3$z3b$221
=100  1\$aNesbø, Jo$d1960-$1http://viaf.org/viaf/44460209$4http://rdaregistry.info/Elements/w/object/P10061$0(NO-TrBIB)90356569
=240  10$aSnømannen$1http://viaf.org/viaf/312388673
=245  10$aSnømannen :$broman$cJo Nesbø
=260  \\$aOslo$bAschehoug$c2007
=300  \\$a438 s.
=336  \\$atext$2rdacontent$0http://rdaregistry.info/termList/RDAContentType/1020
=337  \\$aunmediated$2rdamedia$0http://rdaregistry.info/termList/RDAMediaType/1007
=338  \\$avolume$2rdacarrier$0http://rdaregistry.info/termList/RDACarrierType/1049
=490  1\$aHarry Hole$v7
=500  \\$aOpplagshistorikk: 9. oppl. 2011
=767  0\$6880-01$tSunōman$w999921877220402201$z978-4-08-760674-4
=767  0\$aNesbø, Jo$tEl muñeco de nieve$w991327657644702201
=767  0\$aNesbø, Jo$tHóember$w991420433034702201
=767  0\$aNesbø, Jo$tLumememm$w991324464644702201
=767  0\$aNesbø, Jo$tRajul al-thalj :$w991427829554702201
=767  0\$aNesbø, Jo$tSchneemann :$w999920383965102201
=767  0\$aNesbø, Jo$tSněhulák$w991230129294702201
=767  0\$aNesbø, Jo$tSnemanden$b5. udg.$w999920152292502201
=767  0\$aNesbø, Jo$tSneško$w991400870364702201
=767  0\$aNesbø, Jo$tSnežak$w999920140190202201
=767  0\$aNesbø, Jo$tSnežnija čovek$w991344235184702201
=767  0\$aNesbø, Jo$tSniegavīrs$w991236072564702201
=767  0\$aNesbø, Jo$tThe snowman$w991443688624702201
=767  0\$aNesbø, Jo$tThe snowman$w999920163026802201
=767  0\$aNesbø, Jo$tThe snowman$w999920555983702201
=767  0\$tL'uomo di neve$w999920577292102201$z978-88-06-23191-0
=780  00$tFrelseren$z9788203190537$z8252560849
=785  00$tPanserhjerte$z9788203195518$z9788252572834
=830  \0$aHarry Hole$v7

