=LDR  01312aam a22002891a 4500
=001  018525395
=003  Uk
=005  20170923024356.0
=006  m\\\\||\\d\|\\\\\\
=007  cr\|||||||||||
=008  100819s2010\\\\enkab\\\o\\\\\000\f\eng\d
=020  \\$a1409089657$q(electronic bk. ;$qAdobe Digital Editions)
=020  \\$a9781409089650$q(electronic bk. ;$qAdobe Digital Editions)
=037  \\$aTheRandomHouseGroup152305$bIngram Content Group
=041  1\$aeng$hnor
=082  04$a839.82374$222
=100  1\$aNesbø, Jo,$d1960-$1http://viaf.org/viaf/44460209$4http://rdaregistry.info/Elements/w/object/P10061
=240  10$aSnømannen$1http://viaf.org/viaf/312388673
=245  14$aThe snowman /$cJo Nesbø ; translated from the Norwegian by Don Bartlett.
=260  \\$aLondon :$bHarvill Secker,$c2010.
=300  \\$a1 online resource (454 pages) :$billustrations, maps.
=336  \\$atext$2rdacontent$0http://rdaregistry.info/termList/RDAContentType/1020
=337  \\$aunmediated$2rdamedia$0http://rdaregistry.info/termList/RDAMediaType/1007
=338  \\$avolume$2rdacarrier$0http://rdaregistry.info/termList/RDACarrierType/1049
=546  \\$aTranslated from the Norwegian.
=588  0\$aPrint version record.
=700  1\$aBartlett, Don$1http://viaf.org/viaf/78742232$4http://rdaregistry.info/Elements/e/object/P20037

