=LDR  01121cim a2200241 c 4500
=001  990708322934702202
=005  20230313134152.0
=007  sd#f||||||||||
=008  150625s2007\\\\no\||||\|||||||f\|||nob|\
=020  \\$a9788242119858$cNkr 379.00
=080  \\$a839.6
=082  74$a839.823$qNO-OsNB$25/nor
=100  1\$aNesbø, Jo$d1960-$0(NO-TrBIB)90356569$1http://viaf.org/viaf/44460209$4http://rdaregistry.info/Elements/w/object/P10061
=240  10$aSnømannen$1http://viaf.org/viaf/312388673
=245  10$aSnømannen$cJo Nesbø$h[lydopptak]
=260  \\$a[Melhus]$bLydbokforl.$c2007
=300  \\$a12 plater (CD) (14 t, 38 min)$bdigital$c12 cm, i eske
=336  \\$aspoken word$2rdacontent$0http://rdaregistry.info/termList/RDAContentType/1013
=337  \\$aaudio$2rdamedia$0http://rdaregistry.info/termList/RDAMediaType/1001
=338  \\$aaudio disc$2rdacarrier$0http://rdaregistry.info/termList/RDACarrierType/1004
=500  \\$aLest av Dennis Storhøi
=500  \\$aPå esken: Krim
=700  1\$aStorhøi, Dennis$d1960-$emedarb.$0(NO-TrBIB)1018165$1http://viaf.org/viaf/58828223$4http://rdaregistry.info/Elements/e/object/P20022

