=LDR  01059cam a2200253 c 4500
=001  990717583484702202
=005  20230531165547.0
=007  ta
=008  110826s2007\\\\xx#|||||||||||000|f|dan|\
=020  \\$a9788770530934$qh.
=041  1\$hnob
=082  74$a839.823$qNO-OsNB$25/nor
=100  1\$aNesbø, Jo$d1960-$0(NO-TrBIB)90356569$1http://viaf.org/viaf/44460209$4http://rdaregistry.info/Elements/w/object/P10061
=240  10$aSnømannen$1http://viaf.org/viaf/312388673
=245  10$aSnemanden$cJo Nesbø ; oversat af Allan Hilton Andersen
=246  1\$aSnømannen$iOriginaltittel
=250  \\$a2. opl.
=260  \\$a[Århus]$bModtryk$c2007
=300  \\$a460 s.
=336  \\$atext$2rdacontent$0http://rdaregistry.info/termList/RDAContentType/1020
=337  \\$aunmediated$2rdamedia$0http://rdaregistry.info/termList/RDAMediaType/1007
=338  \\$avolume$2rdacarrier$0http://rdaregistry.info/termList/RDACarrierType/1049
=500  \\$a1. oppl. 2007
=700  1\$aHilton Andersen, Allan$1http://viaf.org/viaf/28430790$4http://rdaregistry.info/Elements/e/object/P20037

