=LDR  00990cam a2200253 c 4500
=001  990901928934702202
=005  20230531173459.0
=007  cr||||||||||||
=007  ta
=008  140321s2009\\\\no#|||||\|||||000|f|nob|\
=020  \\$a9788203194788$qh.$cNkr 169.00
=082  74$a839.823$qNO-OsNB$25/nor
=100  1\$aNesbø, Jo$d1960-$0(NO-TrBIB)90356569$1http://viaf.org/viaf/44460209$4http://rdaregistry.info/Elements/w/object/P10061
=240  10$aSnømannen$1http://viaf.org/viaf/312388673
=245  10$aSnømannen :$broman$cJo Nesbø
=260  \\$aOslo$bAschehoug$c2009
=300  \\$a438 s.
=336  \\$atext$2rdacontent$0http://rdaregistry.info/termList/RDAContentType/1020
=337  \\$aunmediated$2rdamedia$0http://rdaregistry.info/termList/RDAMediaType/1007
=338  \\$avolume$2rdacarrier$0http://rdaregistry.info/termList/RDACarrierType/1049
=490  1\$aAschehoug storpocket
=500  \\$a1. utg. 2007
=500  \\$aPå omslaget: En krim med Harry Hole
=830  \0$aAschehoug storpocket

