=LDR  01388nam a2200289 c 4500
=001  999920315190802202
=005  20230608115253.0
=007  ta
=008  220818s2022\\\\fr\\\\\e\|||||||||1|fre|\
=020  \\$a978-2-07-294686-8$qheftet
=041  1\$afre$hnob
=082  04$a839.8238$223/nor$qNO-OsNB
=100  1\$aNesbø, Jo$d1960-$0(NO-TrBIB)90356569$1http://viaf.org/viaf/44460209$4http://rdaregistry.info/Elements/w/object/P10061
=240  10$aSjalusimannen og andre fortellinger$lFransk$1http://viaf.org/viaf/6666163570594316620005
=245  10$aDe la jalousie$cJo Nesbø
=264  \1$a[Paris]$bGallimard$c[2022]
=300  \\$a341 sider
=336  \\$atekst$0http://rdaregistry.info/termList/RDAContentType/1020$2rdaco
=337  \\$auformidlet$0http://rdaregistry.info/termList/RDAMediaType/1007$2rdamt
=338  \\$abind$0http://rdaregistry.info/termList/RDACarrierType/1049$2rdact
=490  1\$aSérie noire
=536  \\$aNORLA
=700  1\$aNesbø, Jo$d1960-$tSjalusimannen og andre fortellinger$lFransk$0(NO-TrBIB)90356569
=700  1\$aRomand-Monnier, Céline$0(NO-TrBIB)10064675$1http://viaf.org/viaf/66684972$4http://rdaregistry.info/Elements/e/object/P20037
=700  1\$iOversettelse av:$aNesbø, Jo$d1960-$tSjalusimannen og andre fortellinger$lNorsk$0(NO-TrBIB)90356569
=765  0\$tSjalusimannen og andre fortellinger$w999921239885902201$z9788203366437
=830  \0$aSérie noire

