=LDR  02088nam a2200289 c 4500
=001  999919962503402202
=005  20230609163053.0
=007  ta
=008  180925s2018\\\\no\a\\\e\|||||00|\0dnob|\
=020  \\$a978-82-03-36423-5$qib.$cNkr 299.00
=082  04$a782.4216409481$qNO-OsBAS$223/nor
=083  \\$a782.42$222
=100  1\$aNesbø, Jo$d1960-$0(NO-TrBIB)90356569$1http://viaf.org/viaf/44460209$4http://rdaregistry.info/Elements/w/object/P10061
=240  10$aRumba med Gunn og andre tekster$1http://viaf.org/viaf/00000000
=245  10$aJo Nesbø snakker med Hallgeir Opedal om Rumba med Gunn og andre tekster$cillustrert av Per Dybvig
=246  30$aRumba med Gunn
=246  30$aRumba med Gunn og andre tekster
=260  \\$aOslo$bAschehoug$ccop. 2018
=300  \\$a111 s.$bill. (noen kol.)$c24 cm
=336  \\$atext$2rdacontent$0http://rdaregistry.info/termList/RDAContentType/1020
=337  \\$aunmediated$2rdamedia$0http://rdaregistry.info/termList/RDAMediaType/1007
=338  \\$avolume$2rdacarrier$0http://rdaregistry.info/termList/RDACarrierType/1049
=520  \\$aJo Nesbø har gjort verdenssuksess som krimforfatter, men han er også låtskriver. Per Dybvig er en av landets mest anerkjente illustratører, og har illustrert barnebokserien om Doktor Proktor.  Med Rumba med Gunn og andre tekster møtes Nesbø og Dybvig på nytt, denne gangen i Di Derres univers. Og leserne møter faren til Ivar, Erik Vea, nittimetersbakken og Gunn, slik vi aldri har sett dem før. Boka inneholder også en samtale mellom Jo Nesbø og Hallgeir Opedal, om låtskriving, rytmeforståelse, kompiser, avstandsforelskelse og fotball.
=600  17$aNesbø, Jo$d1960-$0(NO-TrBIB)90356569$1http://viaf.org/viaf/44460209$2bare
=610  27$aDi derre (musikkgruppe)$0(NO-TrBIB)4002803$1http://viaf.org/viaf/1059149296144180670005$2bare
=700  1\$aDybvig, Per$d1964-$0(NO-TrBIB)90612202$1http://viaf.org/viaf/10543719$4http://rdaregistry.info/Elements/w/object/P10058
=700  1\$aOpedal, Hallgeir$d1965-$0(NO-TrBIB)55518$1http://viaf.org/viaf/56002739$4http://rdaregistry.info/Elements/w/object/P10446

