=LDR  02709njm a2200445 c 4500
=001  999920074467202202
=005  20210224094409.0
=008  970225b||||||||no\\\\\\\\\\\\\\\|\\\\\|d
=028  53$aXCD 22028$bTomato : Slagerfabrikken
=110  2\$aDi derre (musikkgruppe)$0(NO-TrBIB)4002803$1http://viaf.org/viaf/1059149296144180670005$4http://rdaregistry.info/Elements/w/object/P10489
=240  10$aKvinner & klær$1https://www.wikidata.org/wiki/Q11978469
=245  10$aKvinner & klær$b11 sanger om kvinner og én om jakka mi$ctekst og musikk av Jo Nesbø$hlydopptak
=260  \\$aOslo$bTomato : Slagerfabrikken$c1994
=300  \\$a1 plate$bdigital$c12 cm
=336  \\$aperformed music$2rdacontent$0http://rdaregistry.info/termList/RDAContentType/1011
=337  \\$aaudio$2rdamedia$0http://rdaregistry.info/termList/RDAMediaType/1001
=338  \\$acompact disc$2rdacarrier$0http://rdaregistry.info/termList/RDACarrierType/1013
=500  \\$aDi derre (Jo Nesbø; Magnus Larsen; Knut Nesbø; Espen Stenhammer; Geir Sundstøl; Tim Scott McConnell) ; med musikere ; produsent: Kai Robøle
=500  \\$aTomato : Slagerfabrikken: XCD 22028
=505  8\$aInnhold: Hvor er min kvinne ; Ba-ba-ba ; Rumba med Gunn ; Stopp ; Jakka mi ; Kråka på taket ; Bare en fyr jeg kjenner ; Pen ; Minibar ; Jenter ; Jeg kunne vært din kjole ; Skal du bli med
=518  \\$aInnspilt: Oslo : Waterfall Studio, våren og sommeren 1994
=700  1\$aLarsen, Magnus$1http://viaf.org/viaf/32145971586832332596$4http://rdaregistry.info/Elements/w/object/P10053
=700  1\$aMcConnell, Tim Scott$d1958-$0(NO-TrBIB)5085010$1http://viaf.org/viaf/93399375$4http://rdaregistry.info/Elements/w/object/P10053
=700  1\$aNesbø, Jo$d1960-$0(NO-TrBIB)90356569$1http://viaf.org/viaf/44460209$4http://rdaregistry.info/Elements/w/object/P10053
=700  1\$aNesbø, Knut$d1961-2013$0(NO-TrBIB)2065876$1http://viaf.org/viaf/225429689$4http://rdaregistry.info/Elements/w/object/P10053
=700  1\$aRobøle, Kai$d1963-$0(NO-TrBIB)2036652$1http://viaf.org/viaf/305139524$4http://rdaregistry.info/Elements/w/object/P10064
=700  1\$aStenhammer, Espen$d1966-$0(NO-TrBIB)6024294$1http://viaf.org/viaf/229139785$4http://rdaregistry.info/Elements/w/object/P10053
=700  1\$aSundstøl, Geir$d1969-$0(NO-TrBIB)31630$1http://viaf.org/viaf/171602609$4http://rdaregistry.info/Elements/w/object/P10053
=740  0\$aBa-ba-ba
=740  0\$aBare en fyr jeg kjenner
=740  0\$aHvor er min kvinne
=740  0\$aJakka mi
=740  0\$aJeg kunne vært din kjole
=740  0\$aJenter
=740  0\$aKråka på taket
=740  0\$aMinibar
=740  0\$aPen
=740  0\$aRumba med Gunn
=740  0\$aSkal du bli med
=740  0\$aStopp

